@book{umlEssencial,
	title={UML Essencial: Um Breve Guia para Linguagem Padrão},
	author={Martin. Fowler},
	isbn={8536304545},
	series={Martin Fowler; trad. João Tortello. – 3.ed.},
	year={2005},
	publisher={Porto Alegre: Bookman},
	keywords = {uml}
}