@article{borgesprogramaccao,
	title={Programa{\c{c}}{\~a}o Orientada a Objetos com C++},
	author={Borges, Renato and Clinio, Andr{\'e} Luiz},
	journal={Apostila, Rio de Janeiro, 101p}
}